@article{HarveyMoore,
    author = "Harvey, Jeffrey A. and Moore, Gregory W.",
    title = "{Algebras, BPS states, and strings}",
    eprint = "hep-th/9510182",
    archivePrefix = "arXiv",
    reportNumber = "EFI-95-64, YCTP-P16-95",
    doi = "10.1016/0550-3213(95)00605-2",
    journal = "Nucl. Phys. B",
    volume = "463",
    pages = "315--368",
    year = "1996"
}

@article{Basu_2005,
   title={The M2–M5 brane system and a generalized Nahm’s equation},
   volume={713},
   ISSN={0550-3213},
   url={http://dx.doi.org/10.1016/j.nuclphysb.2005.02.007},
   DOI={10.1016/j.nuclphysb.2005.02.007},
   number={1-3},
   journal={Nuclear Physics B},
   publisher={Elsevier BV},
   author={Basu, Anirban and Harvey, Jeffrey A.},
   year={2005},
   month={May},
   pages={136–150}
}

@article{Bagger_2007,
   title={Modeling multiple M2-branes},
   volume={75},
   ISSN={1550-2368},
   url={http://dx.doi.org/10.1103/PhysRevD.75.045020},
   DOI={10.1103/physrevd.75.045020},
   number={4},
   journal={Physical Review D},
   publisher={American Physical Society (APS)},
   author={Bagger, Jonathan and Lambert, Neil},
   year={2007},
   month={Feb}
}

@misc{fiorenza2015super,
      title={Super Lie n-algebra extensions, higher WZW models, and super p-branes with tensor multiplet fields}, 
      author={Domenico Fiorenza and Hisham Sati and Urs Schreiber},
      year={2015},
      eprint={1308.5264},
      archivePrefix={arXiv},
      primaryClass={hep-th}
}

@article{Ishtiaque_2020,
   title={Topological holography: The example of the D2-D4 brane system},
   volume={9},
   ISSN={2542-4653},
   url={http://dx.doi.org/10.21468/SciPostPhys.9.2.017},
   DOI={10.21468/scipostphys.9.2.017},
   number={2},
   journal={SciPost Physics},
   publisher={Stichting SciPost},
   author={Ishtiaque, Nafiz and Moosavian, Seyed Faroogh and Zhou, Yehao},
   year={2020},
   month={Aug}
}

@article{Costello_2021,
   title={Twisted Supergravity and Koszul Duality: A Case Study in AdS$$_3$$},
   volume={384},
   ISSN={1432-0916},
   url={http://dx.doi.org/10.1007/s00220-021-04065-3},
   DOI={10.1007/s00220-021-04065-3},
   number={1},
   journal={Communications in Mathematical Physics},
   publisher={Springer Science and Business Media LLC},
   author={Costello, Kevin and Paquette, Natalie M.},
   year={2021},
   month={Apr},
   pages={279–339}
}

@misc{costello2021twisted,
      title={Twisted Holography}, 
      author={Kevin Costello and Davide Gaiotto},
      year={2021},
      eprint={1812.09257},
      archivePrefix={arXiv},
      primaryClass={hep-th}
}

@misc{budzik2021giant,
      title={Giant gravitons in twisted holography}, 
      author={Kasia Budzik and Davide Gaiotto},
      year={2021},
      eprint={2106.14859},
      archivePrefix={arXiv},
      primaryClass={hep-th}
}

@article {KacBible,
    AUTHOR = {Kac, Victor G.},
     TITLE = {Classification of infinite-dimensional simple linearly compact
              {L}ie superalgebras},
   JOURNAL = {Adv. Math.},
  FJOURNAL = {Advances in Mathematics},
    VOLUME = {139},
      YEAR = {1998},
    NUMBER = {1},
     PAGES = {1--55},
      ISSN = {0001-8708},
   MRCLASS = {17B05 (17B65)},
  MRNUMBER = {1652530},
MRREVIEWER = {Shlomo Sternberg},
       DOI = {10.1006/aima.1998.1756},
       URL = {https://doi.org/10.1006/aima.1998.1756},
}
@article {KacE510,
    AUTHOR = {Kac, Victor G. and Rudakov, Alexei},
     TITLE = {Complexes of modules over exceptional {L}ie superalgebras
              {$E(3,8)$} and {$E(5,10)$}},
   JOURNAL = {Int. Math. Res. Not.},
  FJOURNAL = {International Mathematics Research Notices},
      YEAR = {2002},
    NUMBER = {19},
     PAGES = {1007--1025},
      ISSN = {1073-7928},
   MRCLASS = {17B25 (17B10)},
  MRNUMBER = {1903328},
MRREVIEWER = {A. L. Onishchik},
       DOI = {10.1155/S1073792802112062},
}